00571cas a22002291a 4500
001 9917737763502836
003 Nz
005 20161223172954.0
008 040106d1866uuuunz  r ne      0   0 eng d
035    $a (Nz)8164695
035    $a (OCoLC)947774558
035    $a (NLNZils)1773776
035    $a (NLNZils)1773776-ilsdb
040    $a WN $c WN
042    $a nznb
043    $a u-nz---
245 00 $a Manukau advocate.
260    $a Onehunga [N.Z.]
310    $a Semiweekly
362 0  $a 1866 Jul.25-?
651  0 $a Manukau (N.Z.) $v Newspapers.
655  7 $a New Zealand newspapers. $2 local $5 Nz
